<record><leader>00000cas a22000007a 4500</leader><controlfield tag="001">27786687</controlfield><controlfield tag="008">930324d19171919okuwr n       0    0eng d</controlfield><datafield ind1=" " ind2=" " tag="010"><subfield code="a">sn 93066019 </subfield></datafield><datafield ind1=" " ind2=" " tag="040"><subfield code="a">OBN</subfield><subfield code="b">eng</subfield><subfield code="c">OBN</subfield><subfield code="d">OCLCQ</subfield></datafield><datafield ind1=" " ind2=" " tag="042"><subfield code="a">msc</subfield></datafield><datafield ind1="0" ind2="0" tag="245"><subfield code="a">Osage County hustler.</subfield></datafield><datafield ind1="1" ind2="3" tag="246"><subfield code="a">Hustler</subfield></datafield><datafield ind1=" " ind2=" " tag="260"><subfield code="a">Avant, Osage County, Okla. :</subfield><subfield code="b">A.E. Howell</subfield></datafield><datafield ind1=" " ind2=" " tag="300"><subfield code="a">v.</subfield></datafield><datafield ind1=" " ind2=" " tag="310"><subfield code="a">Weekly</subfield></datafield><datafield ind1="0" ind2=" " tag="362"><subfield code="a">Vol. 4, no. 42 (June 1, 1917)-v. 6, no. 34 (Apr. 25, 1919).</subfield></datafield><datafield ind1=" " ind2="4" tag="651"><subfield code="a">Avant (Okla.)</subfield><subfield code="v">Newspapers.</subfield></datafield><datafield ind1=" " ind2="4" tag="651"><subfield code="a">Osage County (Okla.)</subfield><subfield code="v">Newspapers.</subfield></datafield><datafield ind1=" " ind2=" " tag="752"><subfield code="a">United States</subfield><subfield code="b">Oklahoma</subfield><subfield code="c">Osage</subfield><subfield code="d">Avant.</subfield></datafield><datafield ind1="0" ind2="0" tag="780"><subfield code="t">Avant hustler</subfield><subfield code="w">(DLC)sn 93066018</subfield></datafield><datafield ind1="0" ind2="4" tag="785"><subfield code="t">Osage County news</subfield><subfield code="w">(DLC)sn 93066020</subfield></datafield></record>